% Encoding: UTF-8


@Article{Bateman2008,
  author        = {Bateman, ED1 and Hurd, SS and Barnes, PJ and Bousquet, J and Drazen, JM and FitzGerald, M and Gibson, P and Ohta, K and O'byrne, P and Pedersen, SE and others},
  title         = {Global strategy for asthma management and prevention: GINA executive summary},
  journal       = {European Respiratory Journal},
  year          = {2008},
  volume        = {31},
  number        = {1},
  pages         = {143--178},
  publisher     = {Eur Respiratory Soc},
}


@Article{LifeLink,
  author        = {LifeLink, IMS},
  title         = {Health Plan Claims Database. Watertown, MA: PharMetrics},
  journal       = {Inc., a unit of IMS},
}

@incollection{hedeker2008multilevel,
  title={Multilevel models for ordinal and nominal variables},
  author={Hedeker, Donald},
  booktitle={Handbook of multilevel analysis},
  pages={237--274},
  year={2008},
  publisher={Springer}
}

@article{dimatteo2002patient,
  title={Patient adherence and medical treatment outcomes: a meta-analysis},
  author={DiMatteo, M Robin and Giordani, Patrick J and Lepper, Heidi S and Croghan, Thomas W},
  journal={Medical care},
  volume={40},
  number={9},
  pages={794--811},
  year={2002},
  publisher={LWW}
}

@article{brewer1979class,
  title={A class of robust sampling designs for large-scale surveys},
  author={Brewer, KRW},
  journal={Journal of the American Statistical Association},
  volume={74},
  number={368},
  pages={911--915},
  year={1979},
  publisher={Taylor \& Francis}
}

@Comment{jabref-meta: databaseType:bibtex;}
